@MISC{wiki:weblink,
	TITLE = "Wikipedia",
	HOWPUBLISHED = {\url{https://en.wikipedia.org/wiki/Wikipedia}},
	YEAR = {2013}	}

@ARTICLE{wilkinson:wiki,
	AUTHOR = "Dennis M. Wilkinson and Bernardo A. Huberman",
	TITLE = "Assessing the Value of Cooperation in Wikipedia",
	JOURNAL = "First Monday",
	VOLUME = {12},
	NUMBER = {4},
	MONTH = "April",
	YEAR = {2007}	}

@INPROCEEDINGS{broder:resemblance,
	AUTHOR = "Andrei Z. Broder",
	TITLE = "On the Resemblance and Containment of Documents",
	BOOKTITLE = "In Compression and Complexity of Sequences (SEQUENCESâ€™97}",
	PAGES = "21-29",
	YEAR = {1997}	}

@INPROCEEDINGS{seo:dct,
	AUTHOR = "Jangwon Seo and Bruce W. Croft",
	TITLE = "Local Text Reuse Detection",
	BOOKTITLE = "Proceedings of the 31st annual international ACM SIGIR conference on Research and development in information retrieval",
	PAGES = "571-578",
	YEAR = {2008}	}

@INPROCEEDINGS{zhang:pdc,
	AUTHOR = "Qi Zhang and Yu Zhang and Haomin Yu and Xuanjing Huang",
	TITLE = "Efficient Partial-Duplicate Detection Based on Sequence Matching",
	BOOKTITLE = "Proceedings of the 33rd international ACM SIGIR conference on Research and development in information retrieval",
	PAGES = "675-682",
	YEAR = {2010}	}

@INPROCEEDINGS{hajishirzi:andd,
	AUTHOR = "Hannaneh Hajishirzi and Wen-tau Yih and Aleksander Kolcz",
	TITLE = "{Adaptive Near-Duplicate Detection via Similarity Learning",
	BOOKTITLE = "Proceedings of the 33rd international ACM SIGIR conference on Research and development in information retrieval",
	PAGES = "419-426",
	YEAR = {2010}	}

@INPROCEEDINGS{lin:brute,
	AUTHOR = "Jimmy Lin",
	TITLE = "{Brute Force and Indexed Approaches to Pairwise Document Similarity Comparisons with MapReduce",
	BOOKTITLE = "Proceedings of the 32nd international ACM SIGIR conference on Research and development in information retrieval",
	PAGES = "155-162",
	YEAR = {2009}	}

@INPROCEEDINGS{manku:web,
	AUTHOR = "Gurmeet Singh Manku and Arvind Jain and Anish Das Sarma",
	TITLE = "Detecting Near-Duplicates for Web Crawling",
	BOOKTITLE = "{Proceedings of the 16th international conference on World Wide Web",
	PAGES = "141-150",
	YEAR = {2007}	}


@INPROCEEDINGS{bendersky:timeline,
	AUTHOR = "Michael Bendersky and W. Bruce Croft",
	TITLE = "Finding Text Reuse on the Web",
	BOOKTITLE = "Proceedings of the Second ACM International Conference on Web Search and Data Mining",
	PAGES = "262-271",
	YEAR = {2009}	}

@ARTICLE{dean:mapreduce,
	AUTHOR = "Jeffrey Dean and Sanjay Ghemawat",
	TITLE = "MapReduce: Simplified Data Processing on Large Clusters",
	JOURNAL = {Commun. ACM},
	VOLUME = {51},
	NUMBER = {1},
	PAGES = {107-113},
	MONTH = "January",
	YEAR = {2008}	}


